<?xml version="1.0" encoding="UTF-8"?><record xmlns="http://www.loc.gov/MARC21/slim" xmlns:cinclude="http://apache.org/cocoon/include/1.0" xmlns:zs="http://www.loc.gov/zing/srw/">
  <leader>01107cz  a2200229n  4500</leader>
  <controlfield tag="001">n  86147122 </controlfield>
  <controlfield tag="003">DLC</controlfield>
  <controlfield tag="005">20070712074859.0</controlfield>
  <controlfield tag="008">860729n| acannaabn          |a ana      </controlfield>
  <datafield tag="010" ind1=" " ind2=" ">
    <subfield code="a">n  86147122 </subfield>
  </datafield>
  <datafield tag="035" ind1=" " ind2=" ">
    <subfield code="a">(OCoLC)oca01671450</subfield>
  </datafield>
  <datafield tag="040" ind1=" " ind2=" ">
    <subfield code="a">DLC</subfield>
    <subfield code="b">eng</subfield>
    <subfield code="c">DLC</subfield>
    <subfield code="d">OCoLC</subfield>
    <subfield code="d">IEN</subfield>
  </datafield>
  <datafield tag="110" ind1="2" ind2=" ">
    <subfield code="a">St. Joseph's (Church : Norwich, Conn.)</subfield>
  </datafield>
  <datafield tag="410" ind1="2" ind2=" ">
    <subfield code="a">Parafia polska rzymsko-katolicka św. Józefa w Norwich, Conn.</subfield>
  </datafield>
  <datafield tag="410" ind1="2" ind2=" ">
    <subfield code="a">Parafia św. Józefa (Norwich, Conn.)</subfield>
  </datafield>
  <datafield tag="410" ind1="2" ind2=" ">
    <subfield code="a">Kościół św. Józefa (Norwich, Conn.)</subfield>
  </datafield>
  <datafield tag="410" ind1="2" ind2=" ">
    <subfield code="a">St. Joseph Parish (Norwich, Conn.)</subfield>
  </datafield>
  <datafield tag="410" ind1="2" ind2=" ">
    <subfield code="a">Church of St. Joseph (Norwich, Conn.)</subfield>
  </datafield>
  <datafield tag="410" ind1="2" ind2=" ">
    <subfield code="a">St. Joseph Church (Norwich, Conn.)</subfield>
  </datafield>
  <datafield tag="410" ind1="2" ind2=" ">
    <subfield code="a">Saint Joseph's (Church : Norwich, Conn.)</subfield>
  </datafield>
  <datafield tag="670" ind1=" " ind2=" ">
    <subfield code="a">Kumor, B. Dzieje parafii polskiej rzymsko-katolickiej św. Józefa w Norwich, Conn., 1980:</subfield>
    <subfield code="b">cover (St. Joseph Church; parafii św. Józefa) prelim. (Kościół św. Józefa) p. 10 (Church of Saint Joseph) p. 11 (St. Joseph Parish) p. 12 (Church of St. Joseph) p. 13 (St. Joseph's Church)</subfield>
  </datafield>
  <datafield tag="670" ind1=" " ind2=" ">
    <subfield code="a">Official Catholic directory, 1985:</subfield>
    <subfield code="b">p. 592 (St. Joseph's)</subfield>
  </datafield>
</record>